<record><leader>00000cas a2200000 a 4500</leader><controlfield tag="001">15724663</controlfield><controlfield tag="008">870522d19uu19uucauuu ne      0    0eng d</controlfield><datafield ind1=" " ind2=" " tag="010"><subfield code="a">sn 87060238 </subfield></datafield><datafield ind1=" " ind2=" " tag="040"><subfield code="a">KNP</subfield><subfield code="b">eng</subfield><subfield code="c">KNP</subfield><subfield code="d">OCL</subfield><subfield code="d">OCLCQ</subfield></datafield><datafield ind1=" " ind2=" " tag="042"><subfield code="a">msc</subfield></datafield><datafield ind1="0" ind2="0" tag="245"><subfield code="a">Haight &amp; Ashbury maverick.</subfield></datafield><datafield ind1="3" ind2="0" tag="246"><subfield code="a">Haight and Ashbury maverick</subfield></datafield><datafield ind1=" " ind2=" " tag="260"><subfield code="a">San Francisco :</subfield><subfield code="b">Haight Pub. Co.</subfield></datafield><datafield ind1=" " ind2=" " tag="300"><subfield code="a">v. :</subfield><subfield code="b">ill.</subfield></datafield><datafield ind1=" " ind2=" " tag="515"><subfield code="a">Vol. 2, no. 3 lacks date.</subfield></datafield><datafield ind1=" " ind2=" " tag="588"><subfield code="a">Description based on: Vol. 2, no. 3.</subfield></datafield><datafield ind1=" " ind2="4" tag="651"><subfield code="a">San Francisco (Calif.)</subfield><subfield code="v">Newspapers.</subfield></datafield><datafield ind1=" " ind2=" " tag="752"><subfield code="a">United States</subfield><subfield code="b">California</subfield><subfield code="c">San Francisco</subfield><subfield code="d">San Francisco.</subfield></datafield><datafield ind1="0" ind2="0" tag="780"><subfield code="t">Haight Ashbury maverick</subfield><subfield code="w">(DLC)sn 87060237</subfield></datafield></record>